@misc{RFPAM,
    author = "{Texas Instruments}",
    title = "MRI integrated circuits and reference designs RF Power Amplifier Module",
    year = "2020",
    url = "https://www.ti.com/solution/mri-magnetic-resonance-imaging?variantid=28801&subsystemid=29550",
}

@misc{RFRM,
    author = "{Texas Instruments}",
    title = "MRI integrated circuits and reference designs Receive Module",
    year = "2020",
    url = "https://www.ti.com/solution/mri-magnetic-resonance-imaging?variantid=28800&subsystemid=29542",
}

@misc{RFSSM,
    author = "{Texas Instruments}",
    title = "MRI integrated circuits and reference designs subsystem Module",
    year = "2020",
    url = "https://www.ti.com/solution/mri-magnetic-resonance-imaging?variantid=28802&subsystemid=29542",
}

@misc{fmrib,
    author = "{University of Oxford}",
    title = "Principles of Magnetic Resonance Imaging",
    url = "https://users.fmrib.ox.ac.uk/~stuart/thesis/chapter_2/section2_6.html",
}

@misc{AM2732,
    author = "{Texas Instruments}",
    title = "AM2732",
    year = "2022",
    url = "https://www.ti.com/product/AM2732",
}

@misc{sheet,
    author = "{Texas Instruments}",
    title = "Herculesâ„¢ Microcontrollers: Real-time MCUs for safety-critical products",
    year = "2011",
    url = "https://www.ti.com/lit/wp/spry178/spry178.pdf?ts=1653231642894&ref_url=https%253A%252F%252Fwww.ti.com%252Fsitesearch%252Fen-us%252Fdocs%252Funiversalsearch.tsp%253FlangPref%253Den-US%2526searchTerm%253Dhercules%2526nr%253D1602",
}

@misc{MAX19681,
    author = "{maximintegrated}",
    title = "MAX19681",
    year= 2010,
    url = "https://www.maximintegrated.com/en/products/analog/data-converters/digital-to-analog-converters/MAX19681.html",
}

@misc{MAX19588,
    author = "{maximintegrated}",
    title = "MAX19588",
    year= 2006,
    url = "https://www.maximintegrated.com/en/products/analog/data-converters/analog-to-digital-converters/MAX19588.html",
}

@misc{MAX19528,
    author = "{maximintegrated}",
    title = "MAX19528",
    url = "https://www.maximintegrated.com/en/products/analog/data-converters/analog-to-digital-converters/MAX19528.html",
}

@misc{MAX19527,
    author = "{maximintegrated}",
    title = "MAX19527",
    year= 2010,
    url = "https://www.maximintegrated.com/en/products/analog/data-converters/analog-to-digital-converters/MAX19527.html",
}

@misc{MAX19526,
    author = "{maximintegrated}",
    title = "MAX19526",
    url = "https://www.maximintegrated.com/en/products/analog/data-converters/analog-to-digital-converters/MAX19526.html",
}

@misc{AWS,
    author = "{Sumo Logic}",
    title = "Amazon S3 Simple Storage Service Cost Optimization",
    year = 2019,
    url = "https://www.sumologic.com/insight/s3-cost-optimization/",
}

@misc{SSD,
    author = "{Samsung}",
    title = "850 EVO SATA III 2.5zoll SSD",
    year = 2014,
    url = "https://www.samsung.com/de/memory-storage/sata-ssd/850-evo-sata-3-2-5-inch-ssd-500gb-mz-75e500b-eu/",
}